@article{doi:10.1093/sleep/19.4.318,
    author = {Pilcher, June J. and Huffcutt, Allen I.},
    title = {Effects of Sleep Deprivation on Performance: A Meta-Analysis},
    journal = {Sleep},
    volume = {19},
    number = {4},
    pages = {318},
    year = {1996},
    doi = {10.1093/sleep/19.4.318},
    URL = {http://dx.doi.org/10.1093/sleep/19.4.318},
}

@MastersThesis{kuhn,
    author = {Kuhn, Raina},
    title = {A sensor grid for pressure and movement detection supporting sleep phase analysis},
    school = {HTWG Konstanz},
    year = 2016
}

@online{NSF,
    author = {{National Sleep Foundation}},
    title = {{National Sleep Foundation} recommends new sleep times},
    year = 2015,
    url = {https://sleepfoundation.org/press-release/national-sleep-foundation-recommends-new-sleep-times},
    urldate = {2017-06-07}
}

@article{psqi,
    author = {Daniel J. Buysse and Charles F. Reynolds, and Timothy H. Monk and Susan R. Berman and David J. Kupfer},
    title = {The Pittsburgh sleep quality index: A new instrument for psychiatric practice and research},
    journal = {Psychiatry Research},
    volume = {28},
    number = {2},
    pages = {193-213},
    year = {1989},
    doi = {10.1016/0165-1781(89)90047-4},
    URL = {https://doi.org/10.1016/0165-1781(89)90047-4},
}